[gd_scene load_steps=21 format=2]

[ext_resource path="res://src/PlayerController.gd" type="Script" id=1]
[ext_resource path="res://assets/textures/cross.png" type="Texture" id=2]
[ext_resource path="res://assets/textures/mag1.png" type="Texture" id=3]
[ext_resource path="res://assets/fonts/8bitlim.ttf" type="DynamicFontData" id=4]
[ext_resource path="res://assets/arquebor.obj" type="ArrayMesh" id=5]
[ext_resource path="res://assets/textures/stone1.png" type="Texture" id=6]
[ext_resource path="res://assets/garbimp2.obj" type="ArrayMesh" id=7]

[sub_resource type="CapsuleShape" id=1]

[sub_resource type="SpatialMaterial" id=2]
albedo_color = Color( 0.607843, 0.607843, 0.607843, 1 )
albedo_texture = ExtResource( 6 )

[sub_resource type="SpatialMaterial" id=3]
albedo_color = Color( 0.705882, 0.705882, 0, 1 )

[sub_resource type="Animation" id=4]
resource_name = "fire"
tracks/0/type = "value"
tracks/0/path = NodePath("Arquebor:translation")
tracks/0/interp = 1
tracks/0/loop_wrap = true
tracks/0/imported = false
tracks/0/enabled = true
tracks/0/keys = {
"times": PoolRealArray( 0, 1 ),
"transitions": PoolRealArray( 1, 1 ),
"update": 0,
"values": [ Vector3( 0.604425, -0.541412, -0.512065 ), Vector3( 0.604425, -0.498865, -0.221978 ) ]
}
tracks/1/type = "value"
tracks/1/path = NodePath("Arquebor:rotation_degrees")
tracks/1/interp = 1
tracks/1/loop_wrap = true
tracks/1/imported = false
tracks/1/enabled = true
tracks/1/keys = {
"times": PoolRealArray( 0, 1 ),
"transitions": PoolRealArray( 1, 1 ),
"update": 0,
"values": [ Vector3( 0, -180, 0 ), Vector3( -15.206, -180, -2.35151e-06 ) ]
}

[sub_resource type="Animation" id=5]
resource_name = "new"
tracks/0/type = "value"
tracks/0/path = NodePath("Arquebor:translation")
tracks/0/interp = 1
tracks/0/loop_wrap = true
tracks/0/imported = false
tracks/0/enabled = true
tracks/0/keys = {
"times": PoolRealArray( 0, 1 ),
"transitions": PoolRealArray( 1, 1 ),
"update": 0,
"values": [ Vector3( 0.604425, -0.541412, -0.512065 ), Vector3( 0.604425, -0.541412, -0.512065 ) ]
}
tracks/1/type = "value"
tracks/1/path = NodePath("Arquebor:rotation_degrees")
tracks/1/interp = 1
tracks/1/loop_wrap = true
tracks/1/imported = false
tracks/1/enabled = true
tracks/1/keys = {
"times": PoolRealArray( 0, 1 ),
"transitions": PoolRealArray( 1, 1 ),
"update": 0,
"values": [ Vector3( 0, -180, 0 ), Vector3( 0, -180, 0 ) ]
}

[sub_resource type="Animation" id=6]
tracks/0/type = "value"
tracks/0/path = NodePath("MagIcon1:position")
tracks/0/interp = 1
tracks/0/loop_wrap = true
tracks/0/imported = false
tracks/0/enabled = true
tracks/0/keys = {
"times": PoolRealArray( 0, 1 ),
"transitions": PoolRealArray( 1, 1 ),
"update": 0,
"values": [ Vector2( 48, 88 ), Vector2( 48, 88 ) ]
}
tracks/1/type = "value"
tracks/1/path = NodePath("MagIcon2:position")
tracks/1/interp = 1
tracks/1/loop_wrap = true
tracks/1/imported = false
tracks/1/enabled = true
tracks/1/keys = {
"times": PoolRealArray( 0, 1 ),
"transitions": PoolRealArray( 1, 1 ),
"update": 0,
"values": [ Vector2( 112, 88 ), Vector2( 112, 88 ) ]
}
tracks/2/type = "value"
tracks/2/path = NodePath("MagIcon3:position")
tracks/2/interp = 1
tracks/2/loop_wrap = true
tracks/2/imported = false
tracks/2/enabled = true
tracks/2/keys = {
"times": PoolRealArray( 0, 1 ),
"transitions": PoolRealArray( 1, 1 ),
"update": 0,
"values": [ Vector2( 176, 88 ), Vector2( 176, 88 ) ]
}

[sub_resource type="Animation" id=7]
tracks/0/type = "value"
tracks/0/path = NodePath("MagIcon1:position")
tracks/0/interp = 1
tracks/0/loop_wrap = true
tracks/0/imported = false
tracks/0/enabled = true
tracks/0/keys = {
"times": PoolRealArray( 0, 1 ),
"transitions": PoolRealArray( 1, 1 ),
"update": 0,
"values": [ Vector2( 48, 88 ), Vector2( 48, 48 ) ]
}
tracks/1/type = "value"
tracks/1/path = NodePath("MagIcon2:position")
tracks/1/interp = 1
tracks/1/loop_wrap = true
tracks/1/imported = false
tracks/1/enabled = true
tracks/1/keys = {
"times": PoolRealArray( 0, 1 ),
"transitions": PoolRealArray( 1, 1 ),
"update": 0,
"values": [ Vector2( 112, 88 ), Vector2( 112, 88 ) ]
}
tracks/2/type = "value"
tracks/2/path = NodePath("MagIcon3:position")
tracks/2/interp = 1
tracks/2/loop_wrap = true
tracks/2/imported = false
tracks/2/enabled = true
tracks/2/keys = {
"times": PoolRealArray( 0, 1 ),
"transitions": PoolRealArray( 1, 1 ),
"update": 0,
"values": [ Vector2( 176, 88 ), Vector2( 176, 88 ) ]
}

[sub_resource type="Animation" id=8]
tracks/0/type = "value"
tracks/0/path = NodePath("MagIcon2:position")
tracks/0/interp = 1
tracks/0/loop_wrap = true
tracks/0/imported = false
tracks/0/enabled = true
tracks/0/keys = {
"times": PoolRealArray( 0, 1 ),
"transitions": PoolRealArray( 1, 1 ),
"update": 0,
"values": [ Vector2( 112, 88 ), Vector2( 112, 48 ) ]
}
tracks/1/type = "value"
tracks/1/path = NodePath("MagIcon1:position")
tracks/1/interp = 1
tracks/1/loop_wrap = true
tracks/1/imported = false
tracks/1/enabled = true
tracks/1/keys = {
"times": PoolRealArray( 0, 1 ),
"transitions": PoolRealArray( 1, 1 ),
"update": 0,
"values": [ Vector2( 48, 88 ), Vector2( 48, 88 ) ]
}
tracks/2/type = "value"
tracks/2/path = NodePath("MagIcon3:position")
tracks/2/interp = 1
tracks/2/loop_wrap = true
tracks/2/imported = false
tracks/2/enabled = true
tracks/2/keys = {
"times": PoolRealArray( 0, 1 ),
"transitions": PoolRealArray( 1, 1 ),
"update": 0,
"values": [ Vector2( 176, 88 ), Vector2( 176, 88 ) ]
}

[sub_resource type="Animation" id=9]
tracks/0/type = "value"
tracks/0/path = NodePath("MagIcon3:position")
tracks/0/interp = 1
tracks/0/loop_wrap = true
tracks/0/imported = false
tracks/0/enabled = true
tracks/0/keys = {
"times": PoolRealArray( 0, 1 ),
"transitions": PoolRealArray( 1, 1 ),
"update": 0,
"values": [ Vector2( 176, 88 ), Vector2( 176, 48 ) ]
}
tracks/1/type = "value"
tracks/1/path = NodePath("MagIcon1:position")
tracks/1/interp = 1
tracks/1/loop_wrap = true
tracks/1/imported = false
tracks/1/enabled = true
tracks/1/keys = {
"times": PoolRealArray( 0, 1 ),
"transitions": PoolRealArray( 1, 1 ),
"update": 0,
"values": [ Vector2( 48, 88 ), Vector2( 48, 88 ) ]
}
tracks/2/type = "value"
tracks/2/path = NodePath("MagIcon2:position")
tracks/2/interp = 1
tracks/2/loop_wrap = true
tracks/2/imported = false
tracks/2/enabled = true
tracks/2/keys = {
"times": PoolRealArray( 0, 1 ),
"transitions": PoolRealArray( 1, 1 ),
"update": 0,
"values": [ Vector2( 112, 88 ), Vector2( 112, 88 ) ]
}

[sub_resource type="Animation" id=10]
tracks/0/type = "value"
tracks/0/path = NodePath("MagIcon1:position")
tracks/0/interp = 1
tracks/0/loop_wrap = true
tracks/0/imported = false
tracks/0/enabled = true
tracks/0/keys = {
"times": PoolRealArray( 0, 1 ),
"transitions": PoolRealArray( 1, 1 ),
"update": 0,
"values": [ Vector2( 48, 48 ), Vector2( 48, 88 ) ]
}

[sub_resource type="Animation" id=11]
tracks/0/type = "value"
tracks/0/path = NodePath("MagIcon2:position")
tracks/0/interp = 1
tracks/0/loop_wrap = true
tracks/0/imported = false
tracks/0/enabled = true
tracks/0/keys = {
"times": PoolRealArray( 0, 1 ),
"transitions": PoolRealArray( 1, 1 ),
"update": 0,
"values": [ Vector2( 112, 48 ), Vector2( 112, 88 ) ]
}

[sub_resource type="Animation" id=12]
tracks/0/type = "value"
tracks/0/path = NodePath("MagIcon3:position")
tracks/0/interp = 1
tracks/0/loop_wrap = true
tracks/0/imported = false
tracks/0/enabled = true
tracks/0/keys = {
"times": PoolRealArray( 0, 1 ),
"transitions": PoolRealArray( 1, 1 ),
"update": 0,
"values": [ Vector2( 176, 48 ), Vector2( 176, 88 ) ]
}

[sub_resource type="DynamicFont" id=13]
size = 78
outline_size = 5
outline_color = Color( 0, 0, 0, 1 )
extra_spacing_char = 5
font_data = ExtResource( 4 )

[node name="Player" type="KinematicBody"]
script = ExtResource( 1 )

[node name="CollisionShape" type="CollisionShape" parent="."]
transform = Transform( 1, 0, 0, 0, -1.62921e-07, -1, 0, 1, -1.62921e-07, 0, 0, 0 )
shape = SubResource( 1 )

[node name="head" type="Spatial" parent="."]
transform = Transform( 1, 0, 0, 0, 1, 0, 0, 0, 1, 0, 1, 0 )

[node name="Camera" type="Camera" parent="head"]
far = 500.0

[node name="guncast" type="RayCast" parent="head"]
transform = Transform( 1, 0, 0, 0, 1, 0, 0, 0, 1, 0, 0, -1 )
enabled = true
cast_to = Vector3( 0, 0, -10 )

[node name="Arquebor" type="MeshInstance" parent="head"]
transform = Transform( -0.1, 0, -1.50996e-08, 0, 0.1, 0, 1.50996e-08, 0, -0.1, 0.604425, -0.541412, -0.512065 )
mesh = ExtResource( 5 )
material/0 = SubResource( 2 )

[node name="MuzzleFlash" type="Spatial" parent="head/Arquebor"]
visible = false

[node name="MuzzleFlash1" type="MeshInstance" parent="head/Arquebor/MuzzleFlash"]
transform = Transform( 0.0919447, 0.0483233, 0.978184, 0.490807, 0.0168838, -0.18787, -0.0255939, 0.497373, -0.0886601, 0.183013, 2.60245, 10.8792 )
mesh = ExtResource( 7 )
material/0 = SubResource( 3 )

[node name="MuzzleFlash2" type="MeshInstance" parent="head/Arquebor/MuzzleFlash"]
transform = Transform( 0.422284, 0.0483232, -0.526655, -0.265805, 0.0168838, -0.846316, -0.0320048, 0.497373, 0.0798971, 0.183013, 2.60245, 10.8792 )
mesh = ExtResource( 7 )
material/0 = SubResource( 3 )

[node name="MuzzleFlash3" type="MeshInstance" parent="head/Arquebor/MuzzleFlash"]
transform = Transform( 0.398235, 0.0483233, 0.596904, 0.298371, 0.0168838, -0.801722, -0.0488198, 0.497373, -0.0307782, 0.118559, 2.57993, 10.2158 )
mesh = ExtResource( 7 )
material/0 = SubResource( 3 )

[node name="SpotLight" type="SpotLight" parent="head/Arquebor/MuzzleFlash"]
transform = Transform( -10, 0, -3.25841e-06, 0, 10, 0, 3.25841e-06, 0, -10, 0.580918, 2.70301, 11.581 )
light_color = Color( 1, 1, 0.588235, 1 )
light_energy = 10.0
spot_range = 0.3
spot_angle = 75.0

[node name="ArqAnims" type="AnimationPlayer" parent="head"]
playback_speed = 6.0
anims/fire = SubResource( 4 )
anims/new = SubResource( 5 )

[node name="HUD" type="CanvasLayer" parent="."]

[node name="Crosshair" type="Sprite" parent="HUD"]
position = Vector2( 960, 540 )
texture = ExtResource( 2 )

[node name="MagDisplay" type="Control" parent="HUD"]
margin_top = 864.0
margin_right = 384.0
margin_bottom = 1080.0
__meta__ = {
"_edit_use_anchors_": false
}

[node name="MagIcon1" type="Sprite" parent="HUD/MagDisplay"]
position = Vector2( 48, 88 )
scale = Vector2( 0.25, 0.25 )
texture = ExtResource( 3 )

[node name="MagIcon2" type="Sprite" parent="HUD/MagDisplay"]
position = Vector2( 112, 88 )
scale = Vector2( 0.25, 0.25 )
texture = ExtResource( 3 )

[node name="MagIcon3" type="Sprite" parent="HUD/MagDisplay"]
position = Vector2( 176, 88 )
scale = Vector2( 0.25, 0.25 )
texture = ExtResource( 3 )

[node name="SwapAnims" type="AnimationPlayer" parent="HUD/MagDisplay"]
playback_speed = 10.0
anims/inactive = SubResource( 6 )
anims/swap1 = SubResource( 7 )
anims/swap2 = SubResource( 8 )
anims/swap3 = SubResource( 9 )
anims/unload1 = SubResource( 10 )
anims/unload2 = SubResource( 11 )
anims/unload3 = SubResource( 12 )

[node name="HealthDisplay" type="Label" parent="HUD"]
margin_left = 224.0
margin_top = 960.0
margin_right = 576.0
margin_bottom = 1056.0
custom_fonts/font = SubResource( 13 )
text = "100"
valign = 1
__meta__ = {
"_edit_use_anchors_": false
}
[connection signal="animation_finished" from="head/ArqAnims" to="." method="_on_ArqAnims_animation_finished"]
